<?xml version="1.0" encoding="UTF-8"?><collection xmlns="http://www.loc.gov/MARC21/slim"><record><leader>00384nam--2200133-i-4500</leader><controlfield tag="001">000033317</controlfield><controlfield tag="002">20161230</controlfield><controlfield tag="005">20161230201039</controlfield><controlfield tag="008">060222s1000------------r-----000-0-eng-d</controlfield><datafield ind1=" " ind2=" " tag="080"><subfield code="a">519.682.6(043)</subfield></datafield><datafield ind1=" " ind2=" " tag="100"><subfield code="a">Metton, Patrice</subfield></datafield><datafield ind1=" " ind2=" " tag="245"><subfield code="a">Implantation d`un programme de simulation numerique sur mini-ordinateur.these</subfield></datafield><datafield ind1=" " ind2=" " tag="260"><subfield code="a">Orsay, Universite Paris-sud, 1979. 136p</subfield></datafield><datafield ind1=" " ind2=" " tag="852"><subfield code="a">49642</subfield></datafield></record></collection>